<record><leader>00000cas a22000007a 4500</leader><controlfield tag="001">16637836</controlfield><controlfield tag="008">870903d192819uuohudn ne      0    0eng d</controlfield><datafield ind1=" " ind2=" " tag="010"><subfield code="a">sn 87075021 </subfield></datafield><datafield ind1=" " ind2=" " tag="040"><subfield code="a">ONP</subfield><subfield code="b">eng</subfield><subfield code="c">ONP</subfield><subfield code="d">OCLCQ</subfield></datafield><datafield ind1=" " ind2=" " tag="042"><subfield code="a">msc</subfield></datafield><datafield ind1="0" ind2=" " tag="130"><subfield code="a">Daily tribune (New Lexington, Ohio)</subfield></datafield><datafield ind1="1" ind2="4" tag="245"><subfield code="a">The Daily tribune.</subfield></datafield><datafield ind1=" " ind2=" " tag="260"><subfield code="a">New Lexington, Perry County, Ohio :</subfield><subfield code="b">Norman W. Ralston,</subfield><subfield code="c">1928-</subfield></datafield><datafield ind1=" " ind2=" " tag="300"><subfield code="a">Daily (except Sun.)</subfield></datafield><datafield ind1="0" ind2=" " tag="362"><subfield code="a">Vol. 1, no. 1 (Oct. 15, 1928)-</subfield></datafield><datafield ind1=" " ind2=" " tag="752"><subfield code="a">United States</subfield><subfield code="b">Ohio</subfield><subfield code="c">Perry</subfield><subfield code="d">New Lexington.</subfield></datafield></record>